<?xml version="1.0" encoding="UTF-8" ?>
<record Numero="13927304" format="InterXMarc_Complet" type="Authority">
<leader>00358c1 au22000272  45  <Pos Code="0004">00358</Pos>
<Pos Code="05" Sens="notice modifiée">c</Pos>
<Pos Code="06" Sens="notice validée en catalogage courant">1</Pos>
<Pos Code="08" Sens="notice d&apos;autorité">a</Pos>
<Pos Code="09" Sens="titre uniforme musical (TUM)">u</Pos>
<Pos Code="10">2</Pos>
<Pos Code="11">2</Pos>
<Pos Code="1216">00027</Pos>
<Pos Code="17" Sens="autres cas">2</Pos>
<Pos Code="20">4</Pos>
<Pos Code="21">5</Pos>
</leader>
<controlfield tag="001">FRBNF139273046<Pos Code="0001">FR</Pos>
<Pos Code="0204">BNF</Pos>
<Pos Code="0512">13927304</Pos>
<Pos Code="13">6</Pos>
</controlfield>
<controlfield tag="008">900619960131yy    co        1925      ....                   1   <Pos Code="0001">90</Pos>
<Pos Code="0203">06</Pos>
<Pos Code="0405">19</Pos>
<Pos Code="0607">96</Pos>
<Pos Code="0809">01</Pos>
<Pos Code="1011">31</Pos>
<Pos Code="1213" Sens="ne s&apos;applique pas">yy</Pos>
<Pos Code="1820">co </Pos>
<Pos Code="2831">1925</Pos>
<Pos Code="3841">....</Pos>
<Pos Code="61" Sens="La vedette peut être liée à une notice bibliographique sauf pour l&apos;accès matière RAMEAU">1</Pos>
</controlfield>
<datafield tag="048" ind1=" " ind2=" ">
	<subfield code="a">ka01<Pos Code="0001" Sens="clavier - piano">ka</Pos>
<Pos Code="02">0</Pos>
<Pos Code="03">1</Pos>
</subfield>
	<subfield code="a">sa02<Pos Code="0001" Sens="cordes frottées - violon">sa</Pos>
<Pos Code="02">0</Pos>
<Pos Code="03">2</Pos>
</subfield>
	<subfield code="a">sb01<Pos Code="0001" Sens="cordes frottées - alto">sb</Pos>
<Pos Code="02">0</Pos>
<Pos Code="03">1</Pos>
</subfield>
	<subfield code="a">wc01<Pos Code="0001" Sens="instruments à vent - clarinette">wc</Pos>
<Pos Code="02">0</Pos>
<Pos Code="03">1</Pos>
</subfield>
	<subfield code="a">ba01<Pos Code="0001" Sens="cuivres - cor">ba</Pos>
<Pos Code="02">0</Pos>
<Pos Code="03">1</Pos>
</subfield>
	<subfield code="a">wd01<Pos Code="0001" Sens="instruments à vent - basson">wd</Pos>
<Pos Code="02">0</Pos>
<Pos Code="03">1</Pos>
</subfield>
</datafield>
<datafield tag="100" ind1=" " ind2=" ">
	<subfield code="3">13895569</subfield>
	<subfield code="w">.0..b.....</subfield>
	<subfield code="a">Janáček</subfield>
	<subfield code="m">Leoš</subfield>
	<subfield code="d">1854-1928</subfield>
</datafield>
<datafield tag="144" ind1="1" ind2=" ">
	<subfield code="w">....b.....</subfield>
	<subfield code="a">Concertinos</subfield>
	<subfield code="b">Piano, vents (3), violons (2), alto</subfield>
</datafield>
<datafield tag="600" ind1=" " ind2=" ">
	<subfield code="a">Date de composition : 1925</subfield>
</datafield>
<datafield tag="610" ind1=" " ind2=" ">
	<subfield code="a">Grove 6</subfield>
</datafield>
<datafield tag="917" ind1=" " ind2=" ">
	<subfield code="o">OPC</subfield>
	<subfield code="a">100577650</subfield>
</datafield>
<Alter Ori="13895569">
<datafield tag="400" ind1=" " ind2=" ">
	<subfield code="w">....b.....</subfield>
	<subfield code="a">Janáček</subfield>
	<subfield code="m">Leo Eugen</subfield>
	<subfield code="d">1854-1928</subfield>
</datafield>
</Alter>
<Attr Nom="IDPerenne">ark:/12148/cb13927304f</Attr>
<Attr Nom="NumSource">OPC 100577650</Attr>
<Attr Nom="Source" Sens="BnF catalogue général (depuis 1999)">A</Attr>
<Attr Nom="NumAutoriteLiee">13895569</Attr>
<Attr Nom="DateCreation">19/06/ 1990</Attr>
<Attr Nom="ResponsableCreation">MIGV2</Attr>
<Attr Nom="StructCreation">1</Attr>
<Attr Nom="DateDerniereValidation">08/11/ 2010</Attr>
<Attr Nom="ResponsableDerniereValidation">MIGV4</Attr>
<Attr Nom="StructPremiereValidation">1</Attr>
<Attr Nom="DatePremiereValidation">19/06/ 1990</Attr>
<Attr Nom="ResponsablePremiereValidation">MIGV2</Attr>
<Attr Nom="StructDerniereValidation">1</Attr>
<Attr Nom="NumSource">OPP 13865176</Attr>
</record>
